<record><leader>00000cas a22000007a 4500</leader><controlfield tag="001">24335646</controlfield><controlfield tag="008">910905d18761877nyudn ne      0    0eng d</controlfield><datafield ind1=" " ind2=" " tag="010"><subfield code="a">sn 91069837 </subfield></datafield><datafield ind1=" " ind2=" " tag="040"><subfield code="a">ONP</subfield><subfield code="b">eng</subfield><subfield code="c">ONP</subfield><subfield code="d">NYS</subfield><subfield code="d">CNW</subfield><subfield code="d">NVF</subfield><subfield code="d">OCLCQ</subfield></datafield><datafield ind1=" " ind2=" " tag="042"><subfield code="a">msc</subfield></datafield><datafield ind1=" " ind2=" " tag="043"><subfield code="a">n-us-ny</subfield></datafield><datafield ind1="0" ind2="0" tag="245"><subfield code="a">Chautauqua Assembly daily herald.</subfield></datafield><datafield ind1="1" ind2="3" tag="246"><subfield code="a">Assembly daily herald</subfield></datafield><datafield ind1=" " ind2=" " tag="260"><subfield code="a">Fair Point [N.Y. :</subfield><subfield code="b">s.n.]</subfield></datafield><datafield ind1=" " ind2=" " tag="300"><subfield code="a">v.</subfield></datafield><datafield ind1=" " ind2=" " tag="310"><subfield code="a">Daily (during the Assembly, except Sunday)</subfield></datafield><datafield ind1="0" ind2=" " tag="362"><subfield code="a">Vol. 1, no. 1 (June 15, 1876)-v. 2, no. 18 (Aug. 24, 1877).</subfield></datafield><datafield ind1=" " ind2=" " tag="500"><subfield code="a">Editor: Theodore L. Flood.</subfield></datafield><datafield ind1=" " ind2="0" tag="651"><subfield code="a">Fair Point (N.Y.)</subfield><subfield code="v">Newspapers.</subfield></datafield><datafield ind1=" " ind2=" " tag="752"><subfield code="a">United States</subfield><subfield code="b">New York</subfield><subfield code="c">Chautauqua</subfield><subfield code="d">Fair Point.</subfield></datafield><datafield ind1="0" ind2="0" tag="785"><subfield code="t">Chautauqua Assembly herald</subfield><subfield code="w">(DLC)sn 88028302</subfield><subfield code="w">(OCoLC)8687213</subfield></datafield><datafield ind1="1" ind2=" " tag="029"><subfield code="a">AU@</subfield><subfield code="b">000025868026</subfield></datafield></record>